<record><leader>00000cas a22000007a 4500</leader><controlfield tag="001">13363610</controlfield><controlfield tag="008">860331c19749999txuwr ne      0   a0eng d</controlfield><datafield ind1=" " ind2=" " tag="010"><subfield code="a">sn 88083814 </subfield></datafield><datafield ind1=" " ind2=" " tag="040"><subfield code="a">TBS</subfield><subfield code="b">eng</subfield><subfield code="c">TBS</subfield><subfield code="d">PPM</subfield><subfield code="d">OCLCQ</subfield></datafield><datafield ind1=" " ind2=" " tag="032"><subfield code="a">438720</subfield></datafield><datafield ind1=" " ind2=" " tag="042"><subfield code="a">msc</subfield></datafield><datafield ind1="0" ind2="0" tag="245"><subfield code="a">Port Isabel South Padre Island press.</subfield></datafield><datafield ind1=" " ind2=" " tag="260"><subfield code="a">Port Isabel, Tex. :</subfield><subfield code="b">Steve M. Elam,</subfield><subfield code="c">1974-</subfield></datafield><datafield ind1=" " ind2=" " tag="300"><subfield code="a">v. ;</subfield><subfield code="c">58 cm.</subfield></datafield><datafield ind1=" " ind2=" " tag="310"><subfield code="a">Weekly</subfield></datafield><datafield ind1="0" ind2=" " tag="362"><subfield code="a">1974-</subfield></datafield><datafield ind1=" " ind2=" " tag="515"><subfield code="a">Continues numbering from its predecessor, the Port Isabel Press.</subfield></datafield><datafield ind1="2" ind2=" " tag="710"><subfield code="a">News Publishing Co.</subfield></datafield><datafield ind1=" " ind2=" " tag="752"><subfield code="a">United States</subfield><subfield code="b">Texas</subfield><subfield code="c">Cameron</subfield><subfield code="d">Port Isabel.</subfield></datafield><datafield ind1="0" ind2="0" tag="780"><subfield code="t">Port Isabel press</subfield></datafield><datafield ind1="1" ind2=" " tag="029"><subfield code="a">AU@</subfield><subfield code="b">000025804825</subfield></datafield></record>